<?xml version="1.0" encoding="UTF-8"?>
<Document xmlns="urn:iso:std:iso:20022:tech:xsd:pain.001.001.03">
	<CstmrCdtTrfInitn>
		<GrpHdr>
			<MsgId>message-id-001</MsgId>
			<CreDtTm>2023-09-12T14:07:00</CreDtTm>
			<NbOfTxs>1</NbOfTxs>
			<CtrlSum>10.1</CtrlSum>
			<InitgPty>
				<Nm>Bedrijfsnaam</Nm>
				<Id>
					<OrgId>
						<Othr>
							<Id>123456789123456</Id>
						</Othr>
					</OrgId>
				</Id>
			</InitgPty>
		</GrpHdr>
		<PmtInf>
			<PmtInfId>minimaal gevuld</PmtInfId>
			<PmtMtd>TRF</PmtMtd>
			<NbOfTxs>1</NbOfTxs>
			<CtrlSum>10.1</CtrlSum>
			<ReqdExctnDt>2023-09-12</ReqdExctnDt>
			<Dbtr>
				<Nm>Veleučilište u Bjelovaru</Nm>
				<PstlAdr>
					<Ctry>BJ</Ctry>
					<AdrLine>Trg Eugena Kvaternika 4</AdrLine>
				</PstlAdr>
			</Dbtr>
			<DbtrAcct>
				<Id>
					<IBAN>HR2324020061100525045</IBAN>
				</Id>
			</DbtrAcct>
			<DbtrAgt>
				<FinInstnId>
					<BIC>RABONL2U</BIC>
				</FinInstnId>
			</DbtrAgt>
			<CdtTrfTxInf>
				<PmtId>
					<EndToEndId>non ref</EndToEndId>
				</PmtId>
				<Amt>
					<InstdAmt Ccy="EUR">10.1</InstdAmt>
				</Amt>
				<ChrgBr>SLEV</ChrgBr>
				<CdtrAgt>
					<FinInstnId>
						<BIC>ABNANL2A</BIC>
					</FinInstnId>
				</CdtrAgt>
				<Cdtr>
					<Nm>ImePrimatelja</Nm>
					<PstlAdr>
						<Ctry>VT</Ctry>
						<AdrLine>AdresaPrimatelja</AdrLine>
					</PstlAdr>
				</Cdtr>
				<CdtrAcct>
					<Id>
						<IBAN>HR3023400094912213743</IBAN>
					</Id>
				</CdtrAcct>
				<RmtInf>
					<Ustrd>Opis plaćanja</Ustrd>
				</RmtInf>
			</CdtTrfTxInf>
		</PmtInf>
		<PmtInf>
			<PmtInfId>maximaal gevuld</PmtInfId>
			<PmtMtd>TRF</PmtMtd>
			<BtchBookg>true</BtchBookg>
			<NbOfTxs>1</NbOfTxs>
			<CtrlSum>20.2</CtrlSum>
			<PmtTpInf>
				<InstrPrty>NORM</InstrPrty>
				<SvcLvl>
					<Cd>SEPA</Cd>
				</SvcLvl>
				<LclInstrm>
					<Cd>IDEAL</Cd>
				</LclInstrm>
				<CtgyPurp>
					<Cd>SECU</Cd>
				</CtgyPurp>
			</PmtTpInf>
			<ReqdExctnDt>2023-09-12</ReqdExctnDt>
			<Dbtr>
				<Nm>ImePrimatelja</Nm>
				<PstlAdr>
					<Ctry>VT</Ctry>
					<AdrLine>AdresaPrimatelja</AdrLine>
				</PstlAdr>
			</Dbtr>
			<DbtrAcct>
				<Id>
					<IBAN>HR3023400094912213743</IBAN>
				</Id>
			</DbtrAcct>
			<DbtrAgt>
				<FinInstnId>
					<BIC>RABONL2U</BIC>
				</FinInstnId>
			</DbtrAgt>
			<UltmtDbtr>
				<Id>
					<OrgId>
						<Othr>
							<Id>12345678</Id>
							<SchmeNm>
								<Prtry>klantnummer</Prtry>
							</SchmeNm>
							<Issr>klantnummer uitgifte instantie</Issr>
						</Othr>
					</OrgId>
				</Id>
			</UltmtDbtr>
			<ChrgBr>SLEV</ChrgBr>
			<CdtTrfTxInf>
				<PmtId>
					<InstrId>debtor-to-debtor-bank-01</InstrId>
					<EndToEndId>End-to-end-id-debtor-to-creditor-01</EndToEndId>
				</PmtId>
				<Amt>
					<InstdAmt Ccy="EUR">20.2</InstdAmt>
				</Amt>
				<CdtrAgt>
					<FinInstnId>
						<BIC>ABNANL2A</BIC>
					</FinInstnId>
				</CdtrAgt>
				<Cdtr>
					<Nm>Veleučilište u Bjelovaru</Nm>
					<PstlAdr>
						<Ctry>BJ</Ctry>
						<AdrLine>Trg Eugena Kvaternika 4</AdrLine>
					</PstlAdr>
				</Cdtr>
				<CdtrAcct>
					<Id>
						<IBAN>HR2324020061100525045</IBAN>
					</Id>
				</CdtrAcct>
				<UltmtCdtr>
					<Id>
						<PrvtId>
							<DtAndPlcOfBirth>
								<BirthDt>1969-07-03</BirthDt>
								<CityOfBirth>PLAATS</CityOfBirth>
								<CtryOfBirth>NL</CtryOfBirth>
							</DtAndPlcOfBirth>
						</PrvtId>
					</Id>
				</UltmtCdtr>
				<Purp>
					<Cd>CHAR</Cd>
				</Purp>
				<RmtInf>
					<Ustrd>Opis plaćanja</Ustrd>
				</RmtInf>
			</CdtTrfTxInf>
		</PmtInf>
	</CstmrCdtTrfInitn>
</Document>
